@article{Ly2015ComplianceTool-support,
    title = {{Compliance monitoring in business processes: Functionalities, application, and tool-support}},
    year = {2015},
    journal = {Information Systems},
    author = {Ly, Linh Thao and Maggi, Fabrizio Maria and Montali, Marco and Rinderle-Ma, Stefanie and van der Aalst, Wil M.P.},
    month = {12},
    pages = {209--234},
    volume = {54},
    url = {https://linkinghub.elsevier.com/retrieve/pii/S0306437915000459},
    doi = {10.1016/j.is.2015.02.007},
    issn = {03064379}
}

@book{Sako2019Computer2019,
    title = {{Computer Security – ESORICS 2019}},
    year = {2019},
    author = {Sako, Kazue and Schneider, Steve and Ryan Y.A., Peter},
    editor = {Sako, Kazue and Schneider, Steve and Ryan, Peter Y. A.},
    series = {Lecture Notes in Computer Science},
    volume = {11735},
    publisher = {Springer International Publishing},
    url = {http://link.springer.com/10.1007/978-3-030-29959-0},
    address = {Cham},
    isbn = {978-3-030-29958-3},
    doi = {10.1007/978-3-030-29959-0}
}

@unpublished{Hublet2023DataMonitors,
    title = {{Data Protection using Taints and Monitors}},
    year = {2023},
    author = {Hublet, François and Brun, Matthias and Basin, David and Krsti{\'{c}}, Srđan},
    keywords = {Data protection, information-flow control, runtime verification}
}

@article{Chomicki1995EfficientEncoding,
    title = {{Efficient Checking of Temporal Integrity Constraints Using Bounded History Encoding}},
    year = {1995},
    journal = {ACM Transactions on Database Systems (TODS)},
    author = {Chomicki, Jan},
    number = {2},
    pages = {149--186},
    volume = {20},
    publisher = {ACM New York, NY, USA},
    issn = {0362-5915}
}

@book{Bartocci2018LecturesVerification,
    title = {{Lectures on Runtime Verification}},
    year = {2018},
    author = {Bartocci, Ezio and Falcone, Yliès and Francalanza, Adrian and Reger, Giles},
    editor = {Bartocci, Ezio and Falcone, Yliès},
    series = {Lecture Notes in Computer Science},
    volume = {10457},
    publisher = {Springer International Publishing},
    url = {http://link.springer.com/10.1007/978-3-319-75632-5},
    address = {Cham},
    isbn = {978-3-319-75631-8},
    doi = {10.1007/978-3-319-75632-5}
}

@article{Basin2013MonitoringSystems,
    title = {{Monitoring Data Usage in Distributed Systems}},
    year = {2013},
    journal = {IEEE Transactions on Software Engineering},
    author = {Basin, David and Harvan, Matus and Klaedtke, Felix and Zalinescu, Eugen},
    number = {10},
    month = {10},
    pages = {1403--1426},
    volume = {39},
    url = {http://ieeexplore.ieee.org/document/6493331/},
    doi = {10.1109/TSE.2013.18},
    issn = {0098-5589}
}

@article{Basin2015MonitoringProperties,
    title = {{Monitoring Metric First-Order Temporal Properties}},
    year = {2015},
    journal = {Journal of the ACM (JACM)},
    author = {Basin, David and Klaedtke, Felix and M{\"{u}}ller, Samuel and Z{\u{a}}linescu, Eugen},
    number = {2},
    pages = {1--45},
    volume = {62},
    publisher = {ACM New York, NY, USA},
    issn = {0004-5411}
}

@article{Ni2010Privacy-awareControl,
    title = {{Privacy-aware role-based access control}},
    year = {2010},
    journal = {ACM Transactions on Information and System Security},
    author = {Ni, Qun and Bertino, Elisa and Lobo, Jorge and Brodie, Carolyn and Karat, Clare-Marie and Karat, John and Trombeta, Alberto},
    number = {3},
    month = {7},
    pages = {1--31},
    volume = {13},
    url = {https://dl.acm.org/doi/10.1145/1805974.1805980},
    doi = {10.1145/1805974.1805980},
    issn = {1094-9224}
}

@misc{QuestDB,
    title = {{QuestDB}},
    url = {https://questdb.io/}
}

@inproceedings{Hublet2022Real-TimeLogic,
    title = {{Real-Time Policy Enforcement with Metric First-Order Temporal Logic}},
    year = {2022},
    booktitle = {European Symposium on Research in Computer Security},
    author = {Hublet, François and Basin, David and Krsti{\'{c}}, Srđan},
    pages = {211--232},
    publisher = {Springer}
}

@inproceedings{Basin2008RuntimeProperties,
    title = {{Runtime Monitoring of Metric First-Order Temporal Properties}},
    year = {2008},
    booktitle = {IARCS Annual Conference on Foundations of Software Technology and Theoretical Computer Science},
    author = {Basin, David and Klaedtke, Felix and M{\"{u}}ller, Samuel and Pfitzmann, Birgit},
    publisher = {Schloss Dagstuhl-Leibniz-Zentrum f{\"{u}}r Informatik}
}

@article{Basin2016ScalableSpecifications,
    title = {{Scalable Offline Monitoring of Temporal Specifications}},
    year = {2016},
    journal = {Formal Methods in System Design},
    author = {Basin, David and Caronni, Germano and Ereth, Sarah and Harvan, Matúš and Klaedtke, Felix and Mantel, Heiko},
    number = {1},
    pages = {75--108},
    volume = {49},
    publisher = {Springer},
    issn = {1572-8102}
}

@book{Voigt2017TheGDPR,
    title = {{The EU General Data Protection Regulation (GDPR)}},
    year = {2017},
    author = {Voigt, Paul and von dem Bussche, Axel},
    publisher = {Springer International Publishing},
    url = {http://link.springer.com/10.1007/978-3-319-57959-7},
    address = {Cham},
    isbn = {978-3-319-57958-0},
    doi = {10.1007/978-3-319-57959-7}
}

@article{Basin2017TheTool.,
    title = {{The MonPoly Monitoring Tool.}},
    year = {2017},
    journal = {RV-CuBES},
    author = {Basin, David A and Klaedtke, Felix and Zalinescu, Eugen},
    pages = {19--28},
    volume = {3}
}